%!TEX TS-program = bibtex
%!TEX encoding = UTF-8 Unicode

%%%%%%%%%%%%%%%%%%%%%%%

@article{HyperEarAbstract,
	title={HyperEar: Indoor Remote Object Finding with a Single Phone},
	author={Hongzi , Zhu and YuXiao , Zhang and Zifan , Liu and Shan , Chang and Yingying Chen},
	journal={IEEE 39th International Conference on Distributed Computing SysTems(ICDCS)},
	year={2019},
	organization={IEEE}
}

@webpage{wikipedia_GPS,
	title = {Global Positioning System},
	author = {{Wikipedia contributors}},
	publisher = {Wikipedia, The Free Encyclopedia},
	year = {2020},
	url = {https://en.wikipedia.org/wiki/Global_Positioning_System},
	modifydate = {2020/4/2},
	citedate={2020/5/20}
}

@article{Sniper,
	title={声探测技术在反狙击系统中的应用},
	author={吴新捷 and 郗晓田 and 游林儒},
	journal={现代电子技术},
	number={01},
	pages={12-14+18},
	year={2009},
}

@article{xiedi,
	title={基于超声波测距的高精度室内定位系统},
	author={谢地 and 鲁照权 and 丁浩峰 and 尤海龙 and 陈龙 and 苏明明},
	journal={传感器与微系统},
	number={10},
	year={2019}
}

@article{qiaoxin,
	title={基于超声波测距的室内定位设计},
	author={乔鑫 and 李晓梅 and 肖岱云},
	journal={电子设计工程},
	volume={27},
	number={22},
	pages={102-105},
	year={2019}
}

@article{xukunyu,
	title={基于超声技术的室内定位设计},
	author={徐昆毓},
	journal={技术与市场},
	volume={026},
	number={009},
	pages={10-12},
	year={2019}
}

@article{zhaoyuwei,
	title={基于RFID及超声波的室内定位算法},
	author={赵予玮},
	journal={物联网技术},
	volume={009},
	number={006},
	pages={12-13},
	year={2019}
}

%%%%%%%%%%%%%%%%%%%%%%%

@article{VSkin,
	title={VSkin: Sensing Touch Gestures on Surfaces of Mobile Devices Using Acoustic Signals},
	author={Ke , Sun and Ting , Zhao and Wei , Wang and Lei , Xie},
	journal={ACM MobiCom},
	year={2018},
	organization={ACM MobiCom}
}

@article{DMArrays,
	title={The Fusion of Distributed Microphone Arrays for Sound Localization},
	author={AARABI, P},
	journal={EURASIP Journal on Applied Signal Processing},
	volume={2003},
	number={4},
	pages={338--447},
	year={2003}
}

@webpage{Google_Sensor,
	title = {Android Developers Sensors Overview},
	author = {{Google Inc}},
	publisher = {},
	year = {2020},
	url = {https://developer.android.com/guide/topics/sensors/sensors_overview.html},
	citedate={2020/5/20}
}

@article{houanlu,
	title={利用机载加速度计测量飞机起飞着陆轨迹},
	author={侯宏录},
	journal={国外试飞},
	number={3},
	pages={14-20},
	year={1994},
}

@article{Chan3DTDOA,
	title={基于Chan的TDOA 三维定位算法},
	author={李招华，汪毓铎，邵青},
	journal={现代电信科技},
	year={2014},
	volume={44},
	number={11},
	pages={36--40+4},
}

%%%%%%%%%%%%%%%%%%%%%%%

@phdthesis{zhouxin, 
	title={基于双麦克风手机的声源定位研究}, 
	author={周鑫}, 
	school={大连理工大学}, 
	year={2019}
}

@webpage{Normalized_frequency,
	title = {Normalized frequency},
	author = {{Wikipedia contributors}},
	publisher = {Wikipedia, The Free Encyclopedia},
	year = {2020},
	url = {https://en.wikipedia.org/wiki/Normalized_frequency_(unit)},
	modifydate = {2017/7/16},
	citedate={2020/5/20}
}

@webpage{Moving_average,
	title = {Moving average},
	author = {{Wikipedia contributors}},
	publisher = {Wikipedia, The Free Encyclopedia},
	year = {2020},
	url = {https://en.wikipedia.org/wiki/Moving_average},
	modifydate = {2020/2/19},
	citedate={2020/5/20}
}

@webpage{Window_function,
	title = {Window function},
	author = {{Wikipedia contributors}},
	publisher = {Wikipedia, The Free Encyclopedia},
	year = {2020},
	url = {https://en.wikipedia.org/wiki/Window_function},
	modifydate = {2020/4/18},
	citedate={2020/5/20}
}

@article{Endpoint_detection,
	title={端点检测中的一种新的对数能量特征},
	author={肖述才，王作英},
	journal={电声技术},
	volume={2004},
	number={6},
	pages={37--41},
}

%%%%%%%%%%%%%%%%%%%%%%%
